<<<<<<< Updated upstream
@inproceedings{klein2003accurate,
  title={Accurate unlexicalized parsing},
  author={Klein, Dan and Manning, Christopher D},
  booktitle={Proceedings of the 41st Annual Meeting on Association for Computational Linguistics-Volume 1},
  pages={423--430},
  year={2003},
  organization={Association for Computational Linguistics}
}


@inproceedings{banko2007open,
  title={Open information extraction for the web},
  author={Banko, Michele and Cafarella, Michael J and Soderland, Stephen and Broadhead, Matthew and Etzioni, Oren},
  booktitle={IJCAI},
  volume={7},
  pages={2670--2676},
  year={2007}
}

@article{kwok2001scaling,
  title={Scaling question answering to the web},
  author={Kwok, Cody and Etzioni, Oren and Weld, Daniel S},
  journal={ACM Transactions on Information Systems (TOIS)},
  volume={19},
  number={3},
  pages={242--262},
  year={2001},
  publisher={ACM}
}

@inproceedings{lee2011stanford,
  title={Stanford's multi-pass sieve coreference resolution system at the CoNLL-2011 shared task},
  author={Lee, Heeyoung and Peirsman, Yves and Chang, Angel and Chambers, Nathanael and Surdeanu, Mihai and Jurafsky, Dan},
  booktitle={Proceedings of the Fifteenth Conference on Computational Natural Language Learning: Shared Task},
  pages={28--34},
  year={2011},
  organization={Association for Computational Linguistics}
}

@inproceedings{recasens2013same,
  title={Same Referent, Different Words: Unsupervised Mining of Opaque Coreferent Mentions},
  author={Recasens, Marta and Can, Matthew and Jurafsky, Dan},
  booktitle={Proceedings of NAACL-HLT},
  pages={897--906},
  year={2013}
}

@inproceedings{lin2012no,
  title={No noun phrase left behind: detecting and typing unlinkable entities},
  author={Lin, Thomas and Etzioni, Oren and others},
  booktitle={EMNLP},
  pages={893--903},
  year={2012},
  organization={Association for Computational Linguistics}
}

@inproceedings{berant2011global,
author = {Berant, Jonathan and Dagan, Ido and Goldberger, Jacob},
 title = {Global learning of typed entailment rules},
 booktitle = {ACL-HLT},
 pages = {610--619},
 year={2011},
 publisher = {Association for Computational Linguistics},
}

@inproceedings{gale1992one,
  title={One sense per discourse},
  author={Gale, William A and Church, Kenneth W and Yarowsky, David},
  booktitle={Proceedings of the workshop on Speech and Natural Language},
  pages={233--237},
  year={1992},
  organization={Association for Computational Linguistics}
}

@inproceedings{hoffmann2011knowledge,
  title={Knowledge-based weak supervision for information extraction of overlapping relations},
  author={Hoffmann, Raphael and Zhang, Congle and Ling, Xiao and Zettlemoyer, Luke and Weld, Daniel S},
  booktitle={ACL-HLT},
  pages={541--550},
  year={2011}
}

@inproceedings{callison2006improved,
  title={Improved statistical machine translation using paraphrases},
  author={Callison-Burch, Chris and Koehn, Philipp and Osborne, Miles},
  booktitle={NAACL},
  pages={17--24},
  year={2006},
  organization={Association for Computational Linguistics}
}

@inproceedings{barzilay1999information,
  title={Information fusion in the context of multi-document summarization},
  author={Barzilay, Regina and McKeown, Kathleen R and Elhadad, Michael},
  booktitle={ACL},
  pages={550--557},
  year={1999},
  organization={Association for Computational Linguistics}
}

@inproceedings{faderparaphrase,
  title={Paraphrase-Driven Learning for Open Question Answering},
  author={Fader, Anthony and Zettlemoyer, Luke and Etzioni, Oren},
  booktitle={ACL},
  year={2013},
  organization={Association for Computational Linguistics}
}

@inproceedings{bhagat2008large,
  title={Large Scale Acquisition of Paraphrases for Learning Surface Patterns.},
  author={Bhagat, Rahul and Ravichandran, Deepak},
  booktitle={ACL},
  volume={8},
  pages={674--682},
  year={2008},
  organization={Association for Computational Linguistics}
}

@inproceedings{shen2006adding,
  title={Adding syntax to dynamic programming for aligning comparable texts for the generation of paraphrases},
  author={Shen, Siwei and Radev, Dragomir R and Patel, Agam and Erkan, G{\"u}ne{\c{s}}},
  booktitle={Proceedings of the COLING/ACL on Main conference poster sessions},
  pages={747--754},
  year={2006},
  organization={Association for Computational Linguistics}
}
@inproceedings{quirk2004monolingual,
  title={Monolingual machine translation for paraphrase generation},
  author={Quirk, Chris and Brockett, Chris and Dolan, William},
  booktitle={EMNLP},
  volume={149},
  year={2004}
}

@article{madnani2010generating,
  title={Generating phrasal and sentential paraphrases: A survey of data-driven methods},
  author={Madnani, Nitin and Dorr, Bonnie J},
  journal={Computational Linguistics},
  volume={36},
  number={3},
  pages={341--387},
  year={2010},
  publisher={MIT Press}
}

@book{sandhaus08,
  author = {Sandhaus, Evan},
  title = {The New York Times annotated corpus},
  publisher = {Linguistic Data Consortium},
  year = {2008}
}

@inproceedings{hasegawa2004discovering,
  title={Discovering relations among named entities from large corpora},
  author={Hasegawa, Takaaki and Sekine, Satoshi and Grishman, Ralph},
  booktitle={ACL},
  pages={415},
  year={2004},
  organization={Association for Computational Linguistics}
}
@inproceedings{sekine2005automatic,
  title={Automatic paraphrase discovery based on context and keywords between ne pairs},
  author={Sekine, Satoshi},
  booktitle={Proceedings of IWP},
  volume={2005},
  pages={4--6},
  year={2005},
  organization={Jeju Island}
}

@inproceedings{Yannakakis92,
 author = {Yannakakis, Mihalis},
 title = {On the approximation of maximum satisfiability},
 booktitle = {Proceedings of the third annual ACM-SIAM symposium on Discrete algorithms},
 series = {SODA '92},
 year = {1992},
 pages = {1--9},
}


@article{harris1954distributional,
  title={Distributional structure.},
  author={Harris, Zellig S},
  journal={Word},
  year={1954}
}

@article{bhagat2013paraphrase,
  title={What is a paraphrase?},
  author={Bhagat, Rahul and Hovy, Eduard},
  journal={Computational Linguistics},
  pages={1--16},
  year={2013},
  publisher={MIT Press}
}

@inproceedings{rahman2009supervised,
  title={Supervised models for coreference resolution},
  author={Rahman, Altaf and Ng, Vincent},
  booktitle={EMNLP},
  pages={968--977},
  year={2009},
  organization={Association for Computational Linguistics}
}

@inproceedings{kohlschutter2010boilerplate,
  title={Boilerplate detection using shallow text features},
  author={Kohlsch{\"u}tter, Christian and Fankhauser, Peter and Nejdl, Wolfgang},
  booktitle={WSDM},
  pages={441--450},
  year={2010},
  organization={ACM}
}
@article{SocherEtAl2011:PoolRAE,
  title={Dynamic pooling and unfolding recursive autoencoders for paraphrase detection},
  author={Socher, Richard and Huang, Eric H and Pennington, Jeffrey and Ng, Andrew Y and Manning, Christopher D},
  journal={NIPS},
  volume={24},
  pages={801--809},
  year={2011}
}


@inproceedings{Fader11,
  author =	 {Anthony Fader and Stephen Soderland and Oren Etzioni},
  title =	 {Identifying Relations for Open Information Extraction},
  booktitle =	 {EMNLP},
  year =	 {2011},
  month =	 {July 27-31},
  organization={Association for Computational Linguistics}
}

@article{dagan2009recognizing,
  title={Recognizing textual entailment: Rational, evaluation and approaches},
  author={Dagan, Ido and Dolan, Bill and Magnini, Bernardo and Roth, Dan},
  journal={Natural Language Engineering},
  volume={15},
  number={04},
  pages={i--xvii},
  year={2009},
  publisher={Cambridge Univ Press}
}

@inproceedings{pang2003syntax,
  title={Syntax-based alignment of multiple translations: Extracting paraphrases and generating new sentences},
  author={Pang, Bo and Knight, Kevin and Marcu, Daniel},
  booktitle={NAACL},
  pages={102--109},
  year={2003},
  organization={Association for Computational Linguistics}
}

@inproceedings{barzilay2001extracting,
  title={Extracting paraphrases from a parallel corpus},
  author={Barzilay, Regina and McKeown, Kathleen R},
  booktitle={ACL},
  pages={50--57},
  year={2001},
  organization={Association for Computational Linguistics}
}

@inproceedings{barzilay2003learning,
  title={Learning to paraphrase: An unsupervised approach using multiple-sequence alignment},
  author={Barzilay, Regina and Lee, Lillian},
  booktitle={HLT-NAACL},
  pages={16--23},
  year={2003},
  organization={Association for Computational Linguistics}
}

@article{lin2001discovery,
  title={Discovery of inference rules for question-answering},
  author={Lin, Dekang and Pantel, Patrick},
  journal={Natural Language Engineering},
  volume={7},
  number={4},
  pages={343--360},
  year={2001},
  publisher={Cambridge Univ Press}
}

@inproceedings{poon2009unsupervised,
  title={Unsupervised semantic parsing},
  author={Poon, Hoifung and Domingos, Pedro},
  booktitle={EMNLP},
  pages={1--10},
  year={2009},
  organization={Association for Computational Linguistics}
}


@article{yates2009unsupervised,
  title={Unsupervised methods for determining object and relation synonyms on the web},
  author={Yates, Alexander and Etzioni, Oren},
  journal={Journal of Artificial Intelligence Research},
  volume={34},
  number={1},
  pages={255},
  year={2009}
}

@inproceedings{shinyama2003paraphrase,
  title={Paraphrase acquisition for information extraction},
  author={Shinyama, Yusuke and Sekine, Satoshi},
  booktitle={Proceedings of the second international workshop on Paraphrasing-Volume 16},
  pages={65--71},
  year={2003},
  organization={Association for Computational Linguistics}
}

@inproceedings{dolan2004unsupervised,
  title={Unsupervised construction of large paraphrase corpora: Exploiting massively parallel news sources},
  author={Dolan, Bill and Quirk, Chris and Brockett, Chris},
  booktitle={Computational Linguistics},
  pages={350},
  year={2004},
  organization={Association for Computational Linguistics}
}
@inproceedings{dolan2005automatically,
  title={Automatically constructing a corpus of sentential paraphrases},
  author={Dolan, William B and Brockett, Chris},
  booktitle={Proceedings of IWP},
  year={2005}
}

@inproceedings{yaounsupervised,
  title={Unsupervised Relation Discovery with Sense Disambiguation},
  author={Yao, Limin and Riedel, Sebastian and McCallum, Andrew},
  booktitle = {ACL},
 year = {2012},
 pages = {712--720},
 publisher = {Association for Computational Linguistics},
}

@inproceedings{yao2011structured,
  title={Structured relation discovery using generative models},
  author={Yao, Limin and Haghighi, Aria and Riedel, Sebastian and McCallum, Andrew},
  booktitle={EMNLP},
  pages={1456--1466},
  year={2011},
  organization={Association for Computational Linguistics}
}

@inproceedings{chen2011domain,
  title={In-domain relation discovery with meta-constraints via posterior regularization},
  author={Chen, Harr and Benson, Edward and Naseem, Tahira and Barzilay, Regina},
  booktitle = {ACL-HLT},
 year = {2011},
 pages = {530--540},
  organization={Association for Computational Linguistics}
}

@inproceedings{androutsopoulos2009survey,
  title={A survey of paraphrasing and textual entailment methods},
  author={Androutsopoulos, Ion and Malakasiotis, Prodromos},
  booktitle = {Journal of Artificial Intelligence Research},
  pages = {135--187},
  year={2010},
}

@inproceedings{SoderlandFAL95,
  author    = {Stephen Soderland and
               David Fisher and
	       Jonathan Aseltine and
	       Wendy G. Lehnert},
  title     = {CRYSTAL: Inducing a Conceptual Dictionary},
  booktitle = {IJCAI},
  year      = {1995},
  pages     = {1314-1321},
}


@inproceedings{wuHW08,
  author    = {Fei Wu and
               Raphael Hoffmann and
               Daniel S. Weld},
  title     = {Information extraction from Wikipedia: moving down the long
               tail},
  booktitle = {KDD},
  year      = {2008},
  pages     = {731-739},
}


@inproceedings{yaoRM10,
  author    = {Limin Yao and
               Sebastian Riedel and
	       Andrew McCallum},
  title     = {Collective Cross-Document Relation Extraction Without Labelled
               Data},
  booktitle = {Proceedings of the 2010 Conference on Empirical Methods in Natural Language Processing (EMNLP-2010)},
  year      = {2010},
  pages     = {1013-1023},
}

@inproceedings{hoffmannZW10,
  author    = {Raphael Hoffmann and
               Congle Zhang and
	       Daniel S. Weld},
  title     = {Learning 5000 Relational Extractors},
  booktitle = {Proceedings of the 48th Annual Meeting of the Association for Computational Linguistics (ACL-10)},
  year      = {2010},
  pages     = {286-295},
}

@inproceedings{shinyamaS06,
  author    = {Yusuke Shinyama and
               Satoshi Sekine},
  title     = {Preemptive Information Extraction using Unrestricted Relation
               Discovery},
  booktitle = {Proceedings of the Human Language Technology Conference of the North American Chapter of the Association for Computation Linguistics (HLT-NAACL-06)},
  year      = {2006},
}

@INPROCEEDINGS{nivre04,
    author = {Joakim Nivre and Jens Nilsson},
    title = {Memory-based dependency parsing},
   booktitle = {Proceedings of the Conference on Natural Language Learning (CoNLL-04)},
    year = {2004},
    pages = {49-56}
}

@inproceedings{bankoCSBE07,
  author    = {Michele Banko and
               Michael J. Cafarella and
              Stephen Soderland and
              Matthew Broadhead and
               Oren Etzioni},
  title     = {Open Information Extraction from the Web},
  booktitle = {Proceedings of the 20th International Joint Conference on Artificial Intelligence (IJCAI-07)},
  year      = {2007},
  pages     = {2670-2676},
}

@inproceedings{riedel10,
  author    = {Sebastian Riedel and
               Limin Yao and
               Andrew McCallum},
  title     = {Modeling Relations and Their Mentions without Labeled Text},
  booktitle = {ECML/PKDD (3)},
  year      = {2010},
  pages     = {148-163}
}

@inproceedings{hoffmann10,
  author    = {Raphael Hoffmann and
		Congle Zhang and
		Daniel S. Weld},
  title      = {Learning 5000 Relational Extractors},
  booktitle = {The Annual Meeting of the Association for Computational Linguistics (ACL-2010)},
  year  = {2010},
  pages = {286-295}
}

@inproceedings{yao10,
  author  = {Limin Yao and Sebastian Riedel and Andrew McCallum},
  title  = {Collective Cross-Document Relation Extraction Without Labelled Data},
  booktitle = {Proceedings of the 2010 Conference on Empirical Methods in Natural Language Processing (EMNLP-2010)},
  year = {2010},
  pages = {1013-1023}
}

@inproceedings{miller04,
  author    = {Scott Miller and Jethran Guinness and Alex Zamanian},
  title     = {Name Tagging with Word Clusters and Discriminative Training},
  booktitle = {Proceedings of the Human Language Technology Conference of the North American Chapter of the Association for Computational Linguistics (HLT-NAACL-2004)},
  year      = {2004}
}

@INPROCEEDINGS{marneffe06,
    author = {Marie-Catherine De Marneffe and Bill Maccartney and Christopher D. Manning},
    title = {Generating typed dependency parses from phrase structure parses},
    booktitle = {Proceedings of the fifth international conference on Language Resources and Evaluation (LREC-2006)},
    year = {2006}
}


@inproceedings{pasca09,
  author    = {Marius Pasca},
  title     = {Outclassing Wikipedia in Open-Domain Information Extraction:
               Weakly-Supervised Acquisition of Attributes over Conceptual
               Hierarchies},
  booktitle = {Proceedings of the 12th Conference of the European Chapter of the Association for Computational Linguistics (EACL-2009)},
  year      = {2009},
  pages     = {639-647},
}

@inproceedings{durme08,
  author    = {Benjamin Van Durme and
               Marius Pasca},
  title     = {Finding Cars, Goddesses and Enzymes: Parametrizable Acquisition
               of Labeled Instances for Open-Domain Information Extraction},
  booktitle = {Proceedings of the Twenty-Third AAAI Conference on Artificial Intelligence (AAAI-2008)},
  year      = {2008},
  pages     = {1243-1248},
}

@inproceedings{carlson09,
  author    = {Andrew Carlson and Scott Gaffney and Flavian Vasile},
  title     = {Learning a Named Entity Tagger from Gazetteers with the Partial Perceptron},
  booktitle = {AAAI Spring Symposium on Learning by Reading and Learning to Read},
  year      = {2009}
}

@inproceedings{carlson09b,
Title = {Coupling Semi-Supervised Learning of Categories and Relations},
Author = {Andrew Carlson and Justin Betteridge and Estevam R. Hruschka Jr. and Tom M. Mitchell},
Booktitle = {NAACL HLT 2009 Workskop on Semi-supervised Learning for Natural Language Processing},
Year = {2009}}


@inproceedings{cohen04,
  author    = {William W. Cohen and Sunita Sarawagi},
  title     = {Exploiting dictionaries in named entity extraction: combining	               semi-Markov extraction processes and data integration methods},
  booktitle = {Proceedings of the Tenth ACM SIGKDD International Conference on Knowledge Discovery and Data Mining (KDD-2004)},
  year      = {2004},
  pages     = {89-98},
}

@article{etzioni05,
  author    = {Oren Etzioni and
               Michael J. Cafarella and
	       Doug Downey and
               Ana-Maria Popescu and
               Tal Shaked and
               Stephen Soderland and
               Daniel S. Weld and
               Alexander Yates},
  title     = {Unsupervised named-entity extraction from the Web: An experimental
                 study},
  journal   = {Artificial Intelligence},
  volume    = {165},
  number    = {1},
  year      = {2005},
  pages     = {91-134},
}

@inproceedings{etzioni04,
  author    = {Oren Etzioni and
               Michael J. Cafarella and
               Doug Downey and
               Ana-Maria Popescu and
               Tal Shaked and
               Stephen Soderland and
               Daniel S. Weld and
               Alexander Yates},
  title     = {Methods for Domain-Independent Information Extraction from
               the Web: An Experimental Comparison},
  booktitle = {Proceedings of the Nineteenth National Conference on Artificial Intelligence (AAAI-2004)},
  year      = {2004},
  pages     = {391-398},
}

@inproceedings{hearst92,
  author    = {Marti A. Hearst},
  title     = {Automatic Acquisition of Hyponyms from Large Text Corpora},
  booktitle = {COLING},
  year      = {1992},
  pages     = {539-545},
}

@inproceedings{davidov07,
  author    = {Dmitry Davidov and
               Ari Rappoport and
               Moshe Koppel},
  title     = {Fully Unsupervised Discovery of Concept-Specific Relationships
               by Web Mining},
  booktitle = {ACL},
  year      = {2007},
}

@inproceedings{wang07,
  author    = {Richard C. Wang and
               William W. Cohen},
  title     = {Language-Independent Set Expansion of Named Entities Using
               the Web},
  booktitle = {Proceedings of the 7th IEEE International Conference on Data Mining (ICDM-2007)},
  year      = {2007},
  pages     = {342-350},
}

@inproceedings{wang08,
  author    = {Richard C. Wang and
               William W. Cohen},
  title     = {Iterative Set Expansion of Named Entities using the Web},
  booktitle = {Proceedings of the 8th IEEE International Conference on Data Mining (ICDM-2008)},
  year      = {2008}
}

@article{cafarella08,
  author    = {Michael J. Cafarella and
               Alon Y. Halevy and
               Daisy Zhe Wang and
               Eugene Wu and
               Yang Zhang},
  title     = {WebTables: exploring the power of tables on the web},
  journal   = {Proceedings of the International Conference on Very Large Databases (VLDB-2008)},
  volume    = {1},
  number    = {1},
  year      = {2008},
  pages     = {538-549},
}

@inproceedings{ghahramani05,
  author    = {Zoubin Ghahramani and
               Katherine A. Heller},
  title     = {Bayesian Sets},
  booktitle = {Neural Information Processing Systems (NIPS-2005)},
  year      = {2005},
}


@inproceedings{hoffmann09,
  author    = {Raphael Hoffmann and
               Saleema Amershi and
	       Kayur Patel and
	       James Fogarty and
	       Daniel S. Weld},
  title     = {Amplifying Community Content Creation Using Mixed-Initiative Information Extraction},
  booktitle = {Proceedings of the 27th International Conference on Human Factors in Computing Systems (CHI-2009)},
  year      = {2009}
}

@inproceedings{agichtein00,
  author    = {Eugene Agichtein and
               Luis Gravano},
  title     = {{\it Snowball}: extracting relations from large plain-text
               collections},
  booktitle = {ACM DL},
  year      = {2000},
  pages     = {85-94},
}

@inproceedings{banko07,
  author    = {Michele Banko and
               Michael J. Cafarella and
               Stephen Soderland and
               Matthew Broadhead and
               Oren Etzioni},
  title     = {Open Information Extraction from the Web},
  booktitle = {Proceedings of the 20th International Joint Conference on Artificial Intelligence (IJCAI-2007)},
  year      = {2007},
  pages     = {2670-2676},
}

@inproceedings{suchanek09,
 author     = {Fabian M. Suchanek and
               Mauro Sozio and
	       Gerhard Weikum},
 title      = {SOFIE: A Self-Organizing Framework for Information Extraction},
 booktitle  = {Proceedings of the 18th International Conference on World Wide Web (WWW-2009)},
 year       = {2009}
}

@inproceedings{snow04,
  author    = {Rion Snow and
               Daniel Jurafsky and
               Andrew Y. Ng},
  title     = {Learning Syntactic Patterns for Automatic Hypernym Discovery},
  booktitle = {NIPS},
  year      = {2004},
}

@inproceedings{lin01,
  author    = {Dekang Lin and
               Patrick Pantel},
  title     = {DIRT - discovery of inference rules from text},
  booktitle = {KDD},
  year      = {2001},
  pages     = {323-328},
}

@inproceedings{clark08,
  author    = {Peter Clark and Phil Harrison},
  title     = {Recognizing Textual Entailment with Logical Inference},
  booktitle = {TAC},
  year      = {2008}
}

@inproceedings{mccallum98,
  author    = {Andrew McCallum and
               Ronald Rosenfeld and
               Tom M. Mitchell and
               Andrew Y. Ng},
  title     = {Improving Text Classification by Shrinkage in a Hierarchy
               of Classes},
  booktitle = {ICML},
  year      = {1998},
  pages     = {359-367}
}

@inproceedings{agichtein04,
  author    = {Eugene Agichtein and
               Venkatesh Ganti},
  title     = {Mining reference tables for automatic text segmentation},
  booktitle = {Proceedings of the Tenth ACM SIGKDD International Conference on Knowledge Discovery and Data Mining (KDD-2004)},
  year      = {2004},
  pages     = {20-29}
}

@inproceedings{viola05,
  author    = {Paul A. Viola and
               Mukund Narasimhan},
  title     = {Learning to extract information from semi-structured text
               using a discriminative context free grammar},
  booktitle = {SIGIR},
  year      = {2005},
  pages     = {330-337}
}

@inproceedings{lafferty01,
  author    = {John D. Lafferty and
               Andrew McCallum and
               Fernando C. N. Pereira},
  title     = {Conditional Random Fields: Probabilistic Models for Segmenting
               and Labeling Sequence Data},
  booktitle = {Proceedings of the Eighteenth International Conference on Machine Learning (ICML-2001)},
  year      = {2001},
  pages     = {282-289}
}



@inproceedings{collins02,
  title={Discriminative training methods for hidden markov models: Theory and experiments with perceptron algorithms},
  author={Collins, Michael},
  booktitle={ACL},
  pages={1--8},
  year={2002},
  organization={Association for Computational Linguistics}
}

@inproceedings{baluja08,
  author    = {Shumeet Baluja and
               Rohan Seth and
               D. Sivakumar and
               Yushi Jing and
               Jay Yagnik and
               Shankar Kumar and
               Deepak Ravichandran and
               Mohamed Aly},
  title     = {Video suggestion and discovery for youtube: taking random
               walks through the view graph},
  booktitle = {WWW},
  year      = {2008},
  pages     = {895-904}
}

@inproceedings{talukdar08,
  author    = {Partha Pratim Talukdar and
	       Joseph Reisinger and
               Marius Pasca and
               Deepak Ravichandran and
               Rahul Bhagat and
               Fernando Pereira},
  title     = {Weakly-Supervised Acquisition of Labeled Class Instances using Graph Random Walks},
  booktitle = {EMNLP},
  year      = {2008},
  pages     = {582-590}
}

@inproceedings{wang09,
  author    = {Ye-Yi Wang and
	       Raphael Hoffmann and
	       Xiao Li and
	       Alex Acero},
  title     = {Semi-Supervised Acquisition of Semantic Classes -- from the Web and for the Web},
  booktitle = {International Conference on Information and Knowledge Management (CIKM-2009)},
  pages     = {37-46},
  year      = {2009}
}

@article{kleinberg99,
  author    = {Jon M. Kleinberg},
  title     = {Authoritative Sources in a Hyperlinked Environment},
  journal   = {Journal of the ACM},
  volume    = {46},
  number    = {5},
  year      = {1999},
  pages     = {604-632}
}

@inproceedings{li08,
  author    = {Xiao Li and
               Ye-Yi Wang and
               Alex Acero},
  title     = {Learning query intent from regularized click graphs},
  booktitle = {SIGIR},
  year      = {2008},
  pages     = {339-346}
}

@techreport{page98,
  author    = {Lawrence Page and
	       Sergey Brin and
	       Rajeev Motwani and
	       Terry Winograd},
  title     = {The pagerank citation ranking: Bringing order to the web},
  institution = {Stanford Digital Libraries},
  year = {1998}
}

@incollection{bengio06,
 author = {Yoshua Bengio and Olivier Delalleau and Nicolas {Le Roux}},
 title = {Label Propagation and Quadratic Criterion},
 booktitle = {Semi-Supervised Learning},
 editor = {Olivier Chapelle and Bernhard Sch{\"o}lkopf and Alexander Zien},
 pages = {193--216},
 year = 2006,
 publisher = {{MIT} Press}
}

@inproceedings{zhu03,
  author    = {Xiaojin Zhu and
               Zoubin Ghahramani and
               John D. Lafferty},
  title     = {Semi-Supervised Learning Using Gaussian Fields and Harmonic
               Functions},
  booktitle = {ICML},
  year      = {2003},
  pages     = {912-919}
}

@inproceedings{zhou03,
  author    = {Dengyong Zhou and
               Olivier Bousquet and
               Thomas Navin Lal and
               Jason Weston and
               Bernhard Sch{\"o}lkopf},
  title     = {Learning with Local and Global Consistency},
  booktitle = {NIPS},
  year      = {2003}
}

@inproceedings{riloff93,
  author    = {Ellen Riloff},
  title     = {Automatically Constructing a Dictionary for Information
               Extraction Tasks},
  booktitle = {Proceedings of the 11th National Conference on Artificial Intelligence (AAAI-1993)},
  year      = {1993},
  pages     = {811-816},
}

@inproceedings{hoffmann07,
  author    = {Raphael Hoffmann and
	       James Fogarty and
	       Daniel S. Weld},
  title     = {Assieme: Finding and Leveraging Implicit References in a Web Search Interface for Programmers},
  booktitle = {UIST},
  year      = {2007}
}

@inproceedings{talukdar06,
  author    = {Partha Pratim Talukdar and Thorsten Brants and Mark Liberman and Fernando Pereira},
  title     = {A Context Pattern Induction Method for Named Entity Extraction},
  booktitle = {The Tenth Conference on Natural Language Learning (CoNLL-X-2006)},
  year      = {2006}
}

@inproceedings{wang07-x,
  author    = {Gang Wang and
               Yong Yu and
               Haiping Zhu},
  title     = {PORE: Positive-Only Relation Extraction from {Wikipedia} Text},
  booktitle = {ISWC/ASWC},
  year      = {2007},
  pages     = {580-594},
  bibsource = {DBLP, http://dblp.uni-trier.de}
}

@inproceedings{auer07,
  author    = {S{\"o}ren Auer and
               Christian Bizer and
               Georgi Kobilarov and
               Jens Lehmann and
               Richard Cyganiak and
               Zachary G. Ives},
  title     = {DBpedia: A Nucleus for a Web of Open Data},
  booktitle = {Proceedings of the 6th International Semantic Web Conference and 2nd Asian Semantic Web Conference (ISWC/ASWC-2007)},
  year      = {2007},
  pages     = {722-735},
  bibsource = {DBLP, http://dblp.uni-trier.de}
}

@inproceedings{mcdowell06,
  author    = {Luke McDowell and
               Michael J. Cafarella},
  title     = {Ontology-Driven Information Extraction with OntoSyphon},
  booktitle = {International Semantic Web Conference},
  year      = {2006},
  pages     = {428-444},
  bibsource = {DBLP, http://dblp.uni-trier.de}
}

@inproceedings{hassell06,
  author    = {Joseph Hassell and
               Boanerges Aleman-Meza and
               Ismailcem Budak Arpinar},
  title     = {Ontology-Driven Automatic Entity Disambiguation in Unstructured
               Text},
  booktitle = {International Semantic Web Conference},
  year      = {2006},
  pages     = {44-57},
  bibsource = {DBLP, http://dblp.uni-trier.de}
}

@inproceedings{saggion07,
  author    = {Horacio Saggion and
               Adam Funk and
               Diana Maynard and
               Kalina Bontcheva},
  title     = {Ontology-Based Information Extraction for Business Intelligence},
  booktitle = {ISWC/ASWC},
  year      = {2007},
  pages     = {843-856},
  bibsource = {DBLP, http://dblp.uni-trier.de}
}

@inproceedings{welty06,
  author    = {Christopher A. Welty and
               J. William Murdock},
  title     = {Towards Knowledge Acquisition from Information Extraction},
  booktitle = {International Semantic Web Conference},
  year      = {2006},
  pages     = {709-722},
  bibsource = {DBLP, http://dblp.uni-trier.de}
}

@inproceedings{ramakrishnan06,
  author    = {Cartic Ramakrishnan and
               Krys Kochut and
               Amit P. Sheth},
  title     = {A Framework for Schema-Driven Relationship Discovery from
               Unstructured Text},
  booktitle = {International Semantic Web Conference},
  year      = {2006},
  pages     = {583-596},
  bibsource = {DBLP, http://dblp.uni-trier.de}
}

@article{freund99,
  author    = {Yoav Freund and
               Robert E. Schapire},
  title     = {Large Margin Classification Using the Perceptron Algorithm},
  journal   = {Machine Learning},
  volume    = {37},
  number    = {3},
  year      = {1999},
  pages     = {277-296},
  bibsource = {DBLP, http://dblp.uni-trier.de}
}

@article{suchanek08,
  author    = {Fabian M. Suchanek and
               Gjergji Kasneci and
               Gerhard Weikum},
  title     = {YAGO: A Large Ontology from Wikipedia and WordNet},
  journal   = {Elsevier Journal of Web Semantics},
  volume    = {6},
  number    = {3},
  year      = {2008},
  pages     = {203-217},
  ee        = {http://dx.doi.org/10.1016/j.websem.2008.06.001},
  bibsource = {DBLP, http://dblp.uni-trier.de}
}

@inproceedings{wangYZ07,
  author    = {Gang Wang and
               Yong Yu and
               Haiping Zhu},
  title     = {PORE: Positive-Only Relation Extraction from Wikipedia Text},
  booktitle = {Proceedings of the 6th International Semantic Web Conference and 2nd Asian Semantic Web Conference (ISWC/ASWC-2007)},
  year      = {2007},
  pages     = {580-594},
  ee        = {http://dx.doi.org/10.1007/978-3-540-76298-0_42},
  bibsource = {DBLP, http://dblp.uni-trier.de}
}

@inproceedings{mintz09,
  author    = {Mike Mintz and
               Steven Bills and
	       Rion Snow and
               Daniel Jurafsky},
  title     = {Distant supervision for relation extraction without labeled data},
  booktitle = {Proceedings of the 47th Annual Meeting of the Association for Computational Linguistics (ACL-2009)},
  year      = {2009},
  pages = {1003-1011}
}

@inproceedings{craven99,
  author    = {Mark Craven and
               Johan Kumlien},
  title     = {Constructing Biological Knowledge Bases by Extracting Information
               from Text Sources},
  booktitle = {Proceedings of the Seventh International Conference on Intelligent Systems for Molecular Biology (ISMB-1999)},
  year      = {1999},
  pages     = {77-86},
  bibsource = {DBLP, http://dblp.uni-trier.de}
}

@article{hirschman02,
  author    = {Lynette Hirschman and
               Alexander A. Morgan and
               Alexander S. Yeh},
  title     = {Rutabaga by any other name: extracting biological names},
  journal   = {Journal of Biomedical Informatics},
  volume    = {35},
  number    = {4},
  year      = {2002},
  pages     = {247-259},
  ee        = {http://dx.doi.org/10.1016/S1532-0464(03)00014-5},
  bibsource = {DBLP, http://dblp.uni-trier.de}
}

@inproceedings{wu10,
  author    = {Fei Wu and
	       Daniel S. Weld},
  title     = {Open Information Extraction using Wikipedia},
  booktitle = {The Annual Meeting of the Association for Computational Linguistics (ACL-2010)},
  year      = {2010},
  pages = {118-127}
}

@inproceedings{wuHW08,
  author    = {Fei Wu and
               Raphael Hoffmann and
               Daniel S. Weld},
  title     = {Information extraction from Wikipedia: moving down the long
               tail},
  booktitle = {Proceedings of the 14th ACM SIGKDD International Conference on Knowledge Discovery and Data Mining (KDD-2008)},
  year      = {2008},
  pages     = {731-739},
  ee        = {http://doi.acm.org/10.1145/1401890.1401978},
  bibsource = {DBLP, http://dblp.uni-trier.de}
}

@inproceedings{wuW08,
  author    = {Fei Wu and
               Daniel S. Weld},
  title     = {Automatically refining the wikipedia infobox ontology},
  booktitle = {Proceedings of the 17th International Conference on World Wide Web (WWW-2008)},
  year      = {2008},
  pages     = {635-644},
  ee        = {http://doi.acm.org/10.1145/1367497.1367583},
  bibsource = {DBLP, http://dblp.uni-trier.de}
}

@inproceedings{wuW07,
  author    = {Fei Wu and
               Daniel S. Weld},
  title     = {Autonomously semantifying wikipedia},
  booktitle = {Proceedings of the International Conference on Information and Knowledge Management (CIKM-2007)},
  year      = {2007},
  pages     = {41-50},
  ee        = {http://doi.acm.org/10.1145/1321440.1321449},
  bibsource = {DBLP, http://dblp.uni-trier.de}
}


@inproceedings{zettlemoyer2007online,
  title={{Online learning of relaxed CCG grammars for parsing to logical form}},
  author={Luke Zettlemoyer and Michael Collins},
  booktitle={Proceedings of the Joint Conference on Empirical Methods in Natural Language Processing and Computational Natural Language Learning (EMNLP-CoNLL-2007)},
  year={2007}
}

@inproceedings{liang06discrimative,
  title = {An End-to-End Discriminative Approach to Machine Translation},
  author = {Percy Liang and A. Bouchard-C\^{o}t\'{e} and Dan Klein and Ben Taskar},
  booktitle = {International Conference on Computational Linguistics and Association for Computational Linguistics (COLING/ACL)},
  year = {2006},
}

@conference{mccallum2009factorie,
  title={{Factorie: Probabilistic programming via imperatively defined factor graphs}},
  author={Andrew McCallum and Karl Schultz and Sameer Singh},
  booktitle={Neural Information Processing Systems Conference (NIPS)},
  year={2009}
}

@incollection{mueller06b,
  author =   {M{\"u}ller, Christoph and Strube, Michael},
  title =    {Multi-level annotation of linguistic data with {MMAX2}},
  booktitle =    {Corpus Technology and Language Pedagogy: New
                  Resources, New Tools, New Methods},
  publisher =    {Peter Lang},
  year =     {2006},
  pages =        {197-214},
  editor =   {Braun, Sabine and Kohn, Kurt and Mukherjee, Joybrato},
  address =  {Frankfurt a.M., Germany}
}

@misc{gate,
  author = {Matthew, Petrillo and Jessica Baycroft},
  title = {Introduction to Manual Annotation},
  year = {2010},
  howpublished = {https://gate.ac.uk/teamware/man-ann-intro.pdf}
}

@inproceedings{yan2012collaborative,
  title={Collaborative Annotation and Visualization of Functional and Discourse Structures.},
  author={Yan, Hengbin and Webster, Jonathan},
  booktitle={Proceedings of the Twenty-Fourth Conference on Computational Linguistics and Speech Processing},
  year={2012},
  pages={366-374}
}

@misc{brat,
  author={Pontus, Stenetorp and Sampo, Pyysalo and Goran, Topi{\'c}},
  title={Brat rapid annotation tool},
  year={2012},
  howpublished={http://brat.nlplab.org/manual.html}
}

@article{wang2013perspectives,
  title={Perspectives on crowdsourcing annotations for natural language processing},
  author={Wang, Aobo and Hoang, Cong Duy Vu and Kan, Min-Yen},
  journal={Language resources and evaluation},
  volume={47},
  number={1},
  pages={9--31},
  year={2013},
  publisher={Springer}
}

@article{quinn2009taxonomy,
  title={A taxonomy of distributed human computation},
  author={Quinn, Alexander J and Bederson, Benjamin B},
  journal={Human-Computer Interaction Lab Tech Report, University of Maryland},
  year={2009}
}

@inproceedings{abekawa2010community,
  title={Community-based Construction of Draft and Final Translation Corpus Through a Translation Hosting Site Minna no Hon'yaku (MNH).},
  author={Abekawa, Takeshi and Utiyama, Masao and Sumita, Eiichiro and Kageura, Kyo},
  booktitle={LREC},
  year={2010},
  organization={Citeseer}
}

@inproceedings{irvine2010using,
  title={Using Mechanical Turk to annotate lexicons for less commonly used languages},
  author={Irvine, Ann and Klementiev, Alexandre},
  booktitle={Proceedings of the NAACL HLT 2010 Workshop on Creating Speech and Language Data with Amazon's Mechanical Turk},
  pages={108--113},
  year={2010},
  organization={Association for Computational Linguistics}
}
